@misc{MSP430F2274,
	organization={{T}exas {I}nstruments},
	title = {{M}IXED {S}IGNAL {M}ICROCONTROLLER {MSP430F22x4}},
	howpublished = {Web},
	url = {http://www.ti.com/lit/ds/symlink/msp430f2274.pdf},
	note = {Accessed February 2016},
}

@misc{RTC-Library,
	organization={{T}exas {I}nstruments},
	title = {Using the Real-Time Clock Library},
	howpublished = {Web},
	url = {http://www.ti.com/lit/an/slaa290a/slaa290a.pdf},
	note = {Accessed February 2016},
}

@misc{RTC-Implementation,
	organization={{T}exas {I}nstruments},
	title = {Using the {R}eal-{T}ime {C}lock {L}ibrary},
	howpublished = {Web},
	url = {http://www.ti.com/lit/an/slaa076a/slaa076a.pdf},
	note = {Accessed February 2016},
}

@misc{LD1117-Voltage-Regulator,
	organization={{S}{T} {L}ife {A}ugmented},
	title = {Adjustable and fixed low drop positive voltage regulator},
	howpublished = {Web},
	url = {https://www.adafruit.com/images/product-files/2165/LD1117.pdf},
	note = {Accessed February 2016},
}

@misc{Linx,
	title = {{L}inx {T}echnologies {LC} {S}eries},
	howpublished = {Web page},
	url = {http://www.linxtechnologies.com/products/rf-modules/lc-series-transceiver-modules/},
	note = {Accessed January 2012},
}

