@misc{ANSI,
	organization = "{ANSI} Z136.1-2000",
	title = "{A}merican {N}ational {S}tandard for {S}afe {U}se of {L}asers"
	}

@misc{RTC-Library,
	organization="{T}exas {I}nstruments",
	title = "Using the {R}eal-{T}ime {C}lock {L}ibrary",
	howpublished = "Web",
	url = "http://www.ti.com/lit/an/slaa290a/slaa290a.pdf",
	note = "{A}ccessed May 2016"
}

@misc{RTC-Implementation,
	organization="{T}exas {I}nstruments",
	title = "Implementing a {R}eal-{T}ime {C}lock on the {MSP430}",
	howpublished = "Web",
	url = "http://www.ti.com/lit/an/slaa076a/slaa076a.pdf",
	note = "{A}ccessed May 2016"
}

@book{USArmy,
	author = "{L}ieutenant {C}olonel {C}harles {R}. {S}hrader",
	title = "{A}micicide: {T}he {P}roblem of {F}riendly {F}ire in {M}odern {W}ar", 
	journal = "US Command \& General Staff College Survey No.1",
	publisher = "",
	year = "1982"
}

@book{Garrison,
	author = "Garrison, Webb B.",
	title =  "Friendly Fire in the Civil War: More than 100 True Stories of Comrade Killing Comrade",
	publisher = "Rutledge Hill Press", 
	city = "Nashville, TN",
	year = "1999"
}

@article{Reaction_Times,
	author = "{T}aoka, {G}eorge {T}.", 
	title = "Brake {R}eaction {T}imes of {U}nalerted {D}rivers", 
	journal = "ITE Journal 59 (3): 19–21",
	year = "March 1989"
}

@misc{ECE-Electronics-Shop,
	title = "{D}esign {R}equirements",
	howpublished = "Web page",
	author = "{ECE} {E}lectronics {S}hop",
	url = "http://eshop.ece.illinois.edu/pcbdesign/designreq/designreq.php",
	note = "{A}ccessed May 2016"
}

@misc{Microphotonics,
	author = "O.~Bisi", 
	title = "Silicon-based {M}icrophotonics: {F}rom {B}asics to {A}pplications",
	publisher = "IOS Press",
	year = "1999"
}

@misc{Optical,
	author = "{R}.~{S}. {Q}uimby",
	title = "Optical components and optics", 
	year = "2006"
}

@article{Microstrip,
	author = "{W}heeler, {H}. {A}.",
	title = "Transmission-line properties of parallel wide strips by a conformal-mapping approximation",
	year = "May 1964",
	journal = "IEEE Trans. Microwave Theory Tech.",
	pages = "MTT-12: 280–289"
}

@misc{RFDistance,
	author = "{W}alter {D}ebus",
	title = "{RF} {P}ath {L}oss and {T}ransmission {D}istance {C}alculations",
	publisher = "{A}xxon",
	date = "August 4, 2006",
}


% DATASHEETS
@misc{MSPEXP432P401R,
	organization="{T}exas {I}nstruments",
	title = "{MSP432P401R} {L}aunchPad {D}evelopment {K}it",
	howpublished = "Datasheet",
	url = "http://www.ti.com/lit/ds/symlink/msp432p401r.pdf",
	note = "{A}ccessed May 2016"
}

@misc{Linx-Transmitter,
	title = "{KH3} {S}eries
	{T}ransmitter {M}odule
	{D}ata {G}uide",
	howpublished = "Datasheet",
	url = "https://www.linxtechnologies.com/resources/data-guides/txm-xxx-kh3.pdf",
	note = "{A}ccessed May 2016"
}

@misc{Linx-Receiver,
	title = "{KH3} {S}eries
	{R}eceiver {M}odule
	{D}ata {G}uide",
	howpublished = "Datasheet",
	url = "https://www.linxtechnologies.com/resources/data-guides/rxm-xxx-kh3.pdf",
	note = "{A}ccessed May 2016"
}

@misc{Linx-Antenna,
	title = "{S}platch {SP} {PCB} {M}ount {A}ntenna Data Sheet",
	howpublished = "Datasheet",
	url = "https://www.linxtechnologies.com/resources/data-guides/ant-315-sp.pdf",
	note = "{A}ccessed May 2016"
}

@misc{Crystal,
	title = "{ECS}3x8 32.768 k{H}z {T}uning {F}ork {C}rystal {O}scillators",
	howpublished = "Datasheet",
	url = "http://www.ecsxtal.com/store/pdf/ECS-3x8.pdf",
	note = "{A}ccessed May 2016"
}

@misc{AAT1217,
	title = "{S}kyworks {AAT1217} {M}icropower {S}tep-{U}p {C}onverter",
	author = "Skyworks",
	howpublished = "Datasheet",
	url = "http://www.skyworksinc.com/uploads/documents/AAT1217_202050B.pdf",
	note = "{A}ccessed May 2016"
}

@misc{MAX680,
	title = "{5V}-to-{10V} {S}tep-{U}p {C}onverter",
	author = "Maxim",
	howpublished = "Datasheet",
	url = "https://datasheets.maximintegrated.com/en/ds/MAX680-MAX681.pdf",
	note = "{A}ccessed May 2016"
}

@misc{Laser,
	title = "635nm 5mw red laser module focusable dot TTL laser module Locator 16x60mm",
	author = "Civil Laser",
	howpublished = "Informational Web-Page",
	url = "http://www.civillaser.com/635nm-5mw-red-laser-module-focusable-dot-ttl-laser-module-locator-16x60mm-p-276.html",
	note = "{A}ccessed May 2016"
}

@misc{Battery,
	title = "{D}ischarge {T}ests of {AA} {B}atteries, {A}lkaline and {N}i{MH}",
	author = "{P}ower {S}tream ",
	url = "http://www.powerstream.com/AA-tests.htm",
	date = "November 23, 2015"
	}
	
@misc{IEEE,
	author = "{I}nstitute of {E}lectrical and {E}lectronics {E}ngineers",
	title = "Code of {E}thics",
	year = 2006,
	url = "http://www.ieee.org/"
	}


