@manual{Moto,
	organization = {Motorola Semiconductor Products, Inc.},
	title = {{M}otorola {S}emiconductor {D}ata {M}anual},
	year = {2007},
	address = {Phoenix, AZ},
}

@misc{Micron,
	organization = {Micron Technology, Inc.},
	title = {{D}ouble {D}ata Rate ({DDR}) {SDRAM}},
	howpublished = {Datasheet},
	url = {http://download.micron.com/pdf/datasheets/dram/ddr/512MBDDRx4x8x16.pdf},
	year = {2000}
}

@misc{Linx,
	title = {{L}inx {T}echnologies {LT} {S}eries},
	howpublished = {Web page},
	url = {http://www.linxtechnologies.com/products/rf-modules/lt-series-transceiver-modules/},
	note = {Accessed January 2012},
}

@book{Prufrock,
	author = {J. A. Prufrock},
	edition = {Second},
	title = {{L}asers and {T}heir {A}pplications in {S}urface {S}cience and {T}echnology},
	address = {New York, NY: McGraw-Hill},
	year = {2009},
}

@incollection{Mondragon,
   author = {W. P. Mondragon},
   title = {{P}rinciples of coherent light sources: {C}oherent lasers and pulsed lasers},
   editor = {J. A. Prufrock},
   booktitle = {{L}asers and {T}heir {A}pplications in {S}urface {S}cience and {T}echnology},
   address = {New York, NY: McGraw-Hill},
   edition = {Second},
   year = {2009},
   pages = {117--132},
}

@article{Liu,
	author = {G. Liu},
	title = {{TDM} and {TWDM} de {B}ruijn nets and shufflenets for optical communications},
	journal = {{IEEE} {T}ransactions on {C}omputers},
	number = {1},
	volume = {59},
	pages = {695--701},
	month = {Jun},
	year = {2011},
}

@inproceedings{Kuran,
	author = {S. Al Kuran},
	title = {{T}he prospects for {G}a{A}s {MESFET} technology in dc-ac voltage conversion},
	booktitle = {{P}roceedings of the {F}ourteenth {A}nnual {P}ortable {D}esign {C}onference},
	pages = {137--142},
	year = {2010},
}

@techreport{Elliott,
	author = {K. E. Elliott and C. M. Greene},
	title = {{A} local adaptive protocol},
	institution = {Argonne National Laboratory},
	address = {Argonne, IL},
	number = {916-1010-BB},
	type = {Tech. Rep.},
	year = {2006},
}

@misc{Groeppelhaus,
	author = {J. Groeppelhaus},
	title = {{J}ava 5.7 tutorial: {D}esign of a full adder},
	howpublished = {Class notes for ECE 290},
	organization = {Department of Electrical and Computer Engineering, University of Illinois at Urbana-Champaign},
	year = {2011},
}