@misc{ANSI,
	organization = "{ANSI} Z136.1-2000",
	title = "{A}merican {N}ational {S}tandard for {S}afe {U}se of {L}asers"
	}

@misc{RTC-Library,
	organization="{T}exas {I}nstruments",
	title = "Using the {R}eal-{T}ime {C}lock {L}ibrary",
	howpublished = "Web",
	url = "http://www.ti.com/lit/an/slaa290a/slaa290a.pdf",
	note = "Accessed February 2016"
}

@misc{RTC-Implementation,
	organization="{T}exas {I}nstruments",
	title = "Implementing a {R}eal-{T}ime {C}lock on the {MSP430}",
	howpublished = "Web",
	url = "http://www.ti.com/lit/an/slaa076a/slaa076a.pdf",
	note = "Accessed February 2016"
}

@book{USArmy,
	author = "{L}ieutenant {C}olonel {C}harles {R}. {S}hrader",
	title = "{A}micicide: {T}he {P}roblem of {F}riendly {F}ire in {M}odern {W}ar", 
	journal = "US Command \& General Staff College Survey No.1",
	publisher = "",
	year = "1982"
}

@book{Garrison,
	author = "Garrison, Webb B.",
	title =  "Friendly Fire in the Civil War: More than 100 True Stories of Comrade Killing Comrade",
	publisher = "Rutledge Hill Press", 
	city = "Nashville, TN",
	year = "1999"
}

@article{Reaction_Times,
	author = "Taoka, George T.", 
	title = "Brake {R}eaction {T}imes of {U}nalerted {D}rivers", 
	journal = "ITE Journal 59 (3): 19–21",
	year = "March 1989"
}

@misc{ECE-Electronics-Shop,
	title = "{D}esign {R}equirements",
	howpublished = "Web page",
	author = "{E} {C} {E} {E}lectronics {S}hop",
	url = "http://eshop.ece.illinois.edu/pcbdesign/designreq/designreq.php",
	note = "Accessed February 2016"
}

@misc{Microphotonics,
	author = "O.~Bisi", 
	title = "Silicon-based Microphotonics: From Basics to Applications",
	publisher = "IOS Press",
	year = "1999"
}

@misc{Optical,
	author = "R.~S. Quimby",
	title = "Optical components and optics", 
	year = "2006"
}

@article{Microstrip,
	author = "{W}heeler, {H}. {A}.",
	title = "Transmission-line properties of parallel wide strips by a conformal-mapping approximation",
	year = "May 1964",
	journal = "IEEE Trans. Microwave Theory Tech.",
	pages = "MTT-12: 280–289"
}

@misc{RFDistance,
	author = "Walter Debus",
	title = "{RF} {P}ath {L}oss and {T}ransmission {D}istance {C}alculations",
	publisher = "{A}xxon",
	date = "August 4, 2006",
}


% DATASHEETS
@misc{MSP430F2274,
	organization="{T}exas {I}nstruments",
	title = "{M}IXED {S}IGNAL {M}ICROCONTROLLER {MSP430F22x4}",
	howpublished = "Datasheet",
	url = "http://www.ti.com/lit/ds/symlink/msp430f2274.pdf",
	note = "Accessed February 2016"
}

@misc{Linx-Transmitter,
	title = "{KH3} {S}eries
	{T}ransmitter {M}odule
	{D}ata {G}uide",
	howpublished = "Datasheet",
	url = "https://www.linxtechnologies.com/resources/data-guides/txm-xxx-kh3.pdf",
	note = "Accessed February 2016"
}

@misc{Linx-Receiver,
	title = "{KH3} {S}eries
	{R}eceiver {M}odule
	{D}ata {G}uide",
	howpublished = "Datasheet",
	url = "https://www.linxtechnologies.com/resources/data-guides/rxm-xxx-kh3.pdf",
	note = "Accessed February 2016"
}

@misc{Linx-Antenna,
	title = "{S}platch {SP} {PCB} {M}ount {A}ntenna Data Sheet",
	howpublished = "Datasheet",
	url = "https://www.linxtechnologies.com/resources/data-guides/ant-315-sp.pdf",
	note = "Accessed February 2016"
}

@misc{Crystal,
	title = "{ECS}3x8 32.768 k{H}z {T}uning {F}ork {C}rystal {O}scillators",
	howpublished = "Datasheet",
	url = "http://www.ecsxtal.com/store/pdf/ECS-3x8.pdf",
	note = "Accessed February 2016"
}

@misc{AAT1217,
	title = "{S}kyworks {AAT1217} {M}icropower {S}tep-{U}p {C}onverter",
	author = "Skyworks",
	howpublished = "Datasheet",
	url = "http://www.skyworksinc.com/uploads/documents/AAT1217_202050B.pdf",
	note = "Accessed February 2016"
}

@misc{MAX680,
	title = "{5V}-to-{10V} {S}tep-{U}p {C}onverter",
	author = "Maxim",
	howpublished = "Datasheet",
	url = "https://datasheets.maximintegrated.com/en/ds/MAX680-MAX681.pdf",
	note = "Accessed February 2016"
}

@misc{Laser,
	title = "635nm 5mw red laser module focusable dot TTL laser module Locator 16x60mm",
	author = "Civil Laser",
	howpublished = "Informational Web-Page",
	url = "http://www.civillaser.com/635nm-5mw-red-laser-module-focusable-dot-ttl-laser-module-locator-16x60mm-p-276.html",
	note = "Accessed February 2016"
}


